<marc:record xmlns:marc="http://www.loc.gov/MARC21/slim" xmlns:xsi="http://www.w3.org/2001/XMLSchema-instance" xsi:schemaLocation="http://www.loc.gov/MARC21/slim http://www.loc.gov/standards/marcxml/schema/MARC21slim.xsd">
  <marc:leader>     nam a2200229u  45M</marc:leader>
  <marc:controlfield tag="001">001677157</marc:controlfield>
  <marc:controlfield tag="003">NNU</marc:controlfield>
  <marc:controlfield tag="005">20020723170031.0</marc:controlfield>
  <marc:controlfield tag="008">831221m19629999iq            000 0 arard</marc:controlfield>
  <marc:datafield tag="010" ind1=" " ind2=" ">
    <marc:subfield code="a">ne 67001634</marc:subfield>
  </marc:datafield>
  <marc:datafield tag="035" ind1="9" ind2=" ">
    <marc:subfield code="a">NYUb12220532</marc:subfield>
  </marc:datafield>
  <marc:datafield tag="035" ind1=" " ind2=" ">
    <marc:subfield code="a">(CStRLIN)MIUG83-B74525</marc:subfield>
  </marc:datafield>
  <marc:datafield tag="040" ind1=" " ind2=" ">
    <marc:subfield code="a">DLC</marc:subfield>
    <marc:subfield code="c">MiU</marc:subfield>
    <marc:subfield code="d">MiU</marc:subfield>
  </marc:datafield>
  <marc:datafield tag="100" ind1="1" ind2=" ">
    <marc:subfield code="a">Shaykh Rāḍī, Taqī.</marc:subfield>
  </marc:datafield>
  <marc:datafield tag="245" ind1="1" ind2="0">
    <marc:subfield code="a">Sīrat Yaʻqūb Isḥāq al-Kindī wa-falsafatuh,</marc:subfield>
    <marc:subfield code="c">[ta'līf] Taqī al-Shaykh Rāḍī.</marc:subfield>
  </marc:datafield>
  <marc:datafield tag="250" ind1=" " ind2=" ">
    <marc:subfield code="a">[al-Ṭabʻah 1]</marc:subfield>
  </marc:datafield>
  <marc:datafield tag="260" ind1=" " ind2=" ">
    <marc:subfield code="a">Baghdād,</marc:subfield>
    <marc:subfield code="b">Maṭbaʻat Salmān al-Aʻẓamī,</marc:subfield>
    <marc:subfield code="c">[1962-]</marc:subfield>
  </marc:datafield>
  <marc:datafield tag="300" ind1=" " ind2=" ">
    <marc:subfield code="a">v. :</marc:subfield>
    <marc:subfield code="c">24 cm.</marc:subfield>
  </marc:datafield>
  <marc:datafield tag="500" ind1=" " ind2=" ">
    <marc:subfield code="a">Includes a bibliography of al-Kindī's works (v.1, pp. 62-86).</marc:subfield>
  </marc:datafield>
  <marc:datafield tag="600" ind1="0" ind2="0">
    <marc:subfield code="a">Kindī,</marc:subfield>
    <marc:subfield code="d">d. ca. 873.</marc:subfield>
  </marc:datafield>
  <marc:datafield tag="950" ind1=" " ind2=" ">
    <marc:subfield code="l">BMAIN</marc:subfield>
    <marc:subfield code="a">B753.K54</marc:subfield>
    <marc:subfield code="b">S5</marc:subfield>
  </marc:datafield>
  <marc:datafield tag="955" ind1=" " ind2=" ">
    <marc:subfield code="l">BMAIN</marc:subfield>
    <marc:subfield code="c">1:v.1</marc:subfield>
    <marc:subfield code="r">027704504</marc:subfield>
  </marc:datafield>
  <marc:datafield tag="998" ind1=" " ind2=" ">
    <marc:subfield code="s">9114</marc:subfield>
  </marc:datafield>
</marc:record>
